@article{freqgov,
	url={https://www.kernel.org/doc/Documentation/cpu-freq/governors.txt}
}

@article{acpi,
	url={https://www.kernel.org/doc/Documentation/power/apm-acpi.txt}
}


@article{ecos,
 title={ECOSystem: Managing energy as a first class operating system resource},
 author={Zeng, Heng and Ellis, Carla S and Lebeck, Alvin R and Vahdat, Amin},
 journal={ACM SIGPLAN Notices},
 volume={37},
 number={10},
 pages={123--132},
 year={2002},
 publisher={ACM}
}

@article{and-dvfs,
 title={An energy conservation DVFS algorithm for the android operating system},
 author={Liang, Y and Lai, P and Chiou, C},
 journal={Journal of Convergence},
 volume={1},
 number={1},
 year={2010}
}

@inproceedings{sleepscale,
 title={SleepScale: runtime joint speed scaling and sleep states management for power efficient data centers},
 author={Liu, Yanpei and Draper, Stark C and Kim, Nam Sung},
 booktitle={Computer Architecture (ISCA), 2014 ACM/IEEE 41st International Symposium on},
 pages={313--324},
 year={2014},
 organization={IEEE}
}


@inproceedings{pin,
 title={Pin: building customized program analysis tools with dynamic instrumentation},
 author={Luk, Chi-Keung and Cohn, Robert and Muth, Robert and Patil, Harish and Klauser, Artur and Lowney, Geoff and Wallace, Steven and Reddi, Vijay Janapa and Hazelwood, Kim},
 booktitle={Acm Sigplan Notices},
 volume={40},
 number={6},
 pages={190--200},
 year={2005},
 organization={ACM}
}


@inproceedings{dvfs,
 title={Os-level power minimization under tight performance constraints in general purpose systems},
 author={Ayoub, Raid Zuhair and Ogras, Umit and Gorbatov, Eugene and Jin, Yanqin and Kam, Timothy and Diefenbaugh, Paul and Rosing, Tajana},
 booktitle={Proceedings of the 17th IEEE/ACM international symposium on Low-power electronics and design},
 pages={321--326},
 year={2011},
 organization={IEEE Press}
}


@inproceedings{decomp,
 title={Dynamic voltage and frequency scaling based on workload decomposition},
 author={Choi, Kihwan and Soma, Ramakrishna and Pedram, Massoud},
 booktitle={Proceedings of the 2004 international symposium on Low power electronics and design},
 pages={174--179},
 year={2004},
 organization={ACM}
}

@article{choi2005fine,
 title={Fine-grained dynamic voltage and frequency scaling for precise energy and performance tradeoff based on the ratio of off-chip access to on-chip computation times},
 author={Choi, Kihwan and Soma, Ramakrishna and Pedram, Massoud},
 journal={Computer-Aided Design of Integrated Circuits and Systems, IEEE Transactions on},
 volume={24},
 number={1},
 pages={18--28},
 year={2005},
 publisher={IEEE}
}

@inproceedings{shin1999power,
 title={Power conscious fixed priority scheduling for hard real-time systems},
 author={Shin, Youngsoo and Choi, Kiyoung},
 booktitle={Design Automation Conference, 1999. Proceedings. 36th},
 pages={134--139},
 year={1999},
 organization={IEEE}
}

@article{lu2002power,
 title={Power-aware operating systems for interactive systems},
 author={Lu, Yung-Hsiang and Benini, Luca and De Micheli, Giovanni},
 journal={Very Large Scale Integration (VLSI) Systems, IEEE Transactions on},
 volume={10},
 number={2},
 pages={119--134},
 year={2002},
 publisher={IEEE}
}

